@article{mo2018immersed,
    title={An immersed boundary method for solving compressible flow with arbitrarily irregular and moving geometry},
    author={Mo, Huangrui and Lien, Fue-Sang and Zhang, Fan and Cronin, Duane},
    journal={Int. J. Numer. Methods Fluids},
    volume={88},
    number={5},
    pages={239--263},
    year={2018},
    publisher={Wiley Online Library}
}
@article{zhang2009reaction,
    title={Reaction mechanism of aluminum-particle-air detonation},
    author={Zhang, Fan and Gerrard, Keith and Ripley, Robert C},
    journal={J. Propuls. Power},
    volume={25},
    number={4},
    pages={845--858},
    year={2009}
}
@article{reed2008transient,
    title={A transient semimetallic layer in detonating nitromethane},
    author={Reed, Evan J and Manaa, M Riad and Fried, Laurence E and Glaesemann, Kurt R and Joannopoulos, JD},
    journal={Nat. Phys.},
    volume={4},
    number={1},
    pages={72},
    year={2008},
    publisher={Nature Publishing Group}
}
@article{sod1978survey,
    title={A survey of several finite difference methods for systems of nonlinear hyperbolic conservation laws},
    author={Sod, Gary A},
    journal={J. Comput. Phys.},
    volume={27},
    number={1},
    pages={1--31},
    year={1978},
    publisher={Elsevier, Amsterdam}
}
@inproceedings{zhang2010hybrid,
    title={Hybrid detonation waves in metalized explosive mixtures},
    author={Zhang, F and Yoshinaka, A and Ripley, R},
    booktitle={Proc. 14th Int. Detonation Symp.},
    pages={11--16},
    year={2010}
}
